%% This BibTeX bibliography file was created using BibDesk.
%% https://bibdesk.sourceforge.io/

%% Created for Thibault Bertrand at 2024-02-01 23:55:18 +0000 


%% Saved with string encoding Unicode (UTF-8) 

%% ---------------- PRIMARY ---------------- %%

@article{Viazovska8,
 ISSN = {0003486X},
 URL = {http://www.jstor.org/stable/26395747},
 author = {Maryna S. Viazovska},
 journal = {Annals of Mathematics},
 number = {3},
 pages = {991--1015},
 publisher = {Annals of Mathematics},
 title = {{The sphere packing problem in dimension 8}},
 urldate = {2024-11-14},
 volume = {185},
 year = {2017},
 doi = {https://doi.org/10.4007/annals.2017.185.3.7}
}

@article{CohnElkies,
 ISSN = {0003486X},
 URL = {http://www.jstor.org/stable/3597215},
 author = {Henry Cohn and Noam Elkies},
 journal = {Annals of Mathematics},
 number = {2},
 pages = {689--714},
 publisher = {Annals of Mathematics},
 title = {{New Upper Bounds on Sphere Packings I}},
 urldate = {2024-11-14},
 volume = {157},
 year = {2003},
 doi = {https://doi.org/10.4007/annals.2003.157.689}
}

% Add others' names after Maryna OKs it
@online{blueprint,
 author = {Maryna Viazovska and Sidharth Hariharan},
 title = {{Sphere Packing in Lean}},
 url = {https://thefundamentaltheor3m.github.io/Sphere-Packing-Lean/blueprint/index.html},
}

%% ---------------- SECONDARY ---------------- %%

@inproceedings{CohnOnViazovskaICM,
  author       = {Henry Cohn},
  title        = {{The work of Maryna Viazovska}},
  booktitle    = {Proceedings of the International Congress of Mathematicians},
  year         = {2023},
  volume       = {1},
  pages        = {82--105},
  publisher    = {EMS Press},
  doi          = {10.4171/ICM2022/213},
  eprint       = {arXiv:2207.06913},
  note         = {Presented at ICM, July 6--14, 2022}
}

@article{CohnOnViazovskaAMS,
   title={{A Conceptual Breakthrough in Sphere Packing}},
   volume={64},
   ISSN={1088-9477},
   url={http://dx.doi.org/10.1090/noti1474},
   DOI={10.1090/noti1474},
   number={02},
   journal={Notices of the American Mathematical Society},
   publisher={American Mathematical Society (AMS)},
   author={Cohn, Henry},
   year={2017},
   month=feb,
   pages={102–115}
}

%% ---------------- BACKGROUND/CONTEXT ---------------- %%

@online{ICM_FMs,
  title = {Fields Medals 2022},
  author = {International Mathematical Union},
  url = {https://www.mathunion.org/imu-awards/fields-medal/fields-medals-2022}
}

@article{Viazovska24,
 ISSN = {0003486X},
 URL = {http://www.jstor.org/stable/26395748},
 author = {Henry Cohn and Abhinav Kumar and Stephen D. Miller and Danylo Radchenko and Maryna Viazovska},
 journal = {Annals of Mathematics},
 number = {3},
 pages = {1017--1033},
 publisher = {Annals of Mathematics},
 title = {{The sphere packing problem in dimension 24}},
 urldate = {2024-11-14},
 volume = {185},
 year = {2017},
 doi = {https://doi.org/10.4007/annals.2017.185.3.8}
}

@article{HalesKeplerInformal,
 ISSN = {0003486X},
 URL = {http://www.jstor.org/stable/20159940},
 author = {Thomas C. Hales},
 journal = {Annals of Mathematics},
 number = {3},
 pages = {1065--1185},
 publisher = {Annals of Mathematics},
 title = {{A Proof of the Kepler Conjecture}},
 urldate = {2024-11-14},
 volume = {162},
 year = {2005},
 doi = {https://doi.org/10.4007/annals.2005.162.1065}
}

@article{HalesKeplerFormal,
	title = {{A Formal Proof of the Kepler Conjecture}},
	volume = {5},
	DOI = {10.1017/fmp.2017.1},
	journal = {Forum of Mathematics, Pi},
	author = {HALES, THOMAS and ADAMS, MARK and BAUER, GERTRUD and DANG, TAT DAT and HARRISON, JOHN and HOANG, LE TRUONG and KALISZYK, CEZARY and MAGRON, VICTOR and MCLAUGHLIN, SEAN and NGUYEN, TAT THANG and et al.},
	year = {2017},
	pages = {e2}
}

@article{QuantaPiece,
  title = {{Sphere Packing Solved in Higher Dimensions}},
  author = {Erica Klarreich},
  url = {https://www.quantamagazine.org/sphere-packing-solved-in-higher-dimensions-20160330/},
  journal = {Quanta Magazine},
  year = {2016},
  month = {March},
  day = {30},
  howpublished = {online}
}

@article{Thue,
 Author = {Axel Thue},
 Title = {{Om nogle geometrisk-taltheoretiske Theoremer}},
 Year = {1892},
 Language = {Danish},
 Journal = {Forhandlingerne ved de Skandinaviske Naturforskeres},
 Volume = {14},
 HowPublished = {Naturforskerm{\"o}de (1892). 352-353.},
 zbMATH = {2685102},
 JFM = {24.0259.01},
 note = {Zbl \href{https://zbmath.org/?q=an:24.0259.01}{\color{black}{24.0259.01}}}
}

@article{CannonHoney,
    Author = {Thomas C. Hales},
    Title = {{Cannonballs and Honeycombs}},
    Journal = {Notices of the American Mathematical Society},
    Volume = {47},
    Number = {4},
    ISSN = {0002-9920},
    Month = apr,
    Year = {2000},
    Pages = {440-449}
}
