






















@article{JordanCurve,
author = {Thomas C. Hales and},
title = {The Jordan Curve Theorem, Formally and Informally},
journal = {The American Mathematical Monthly},
volume = {114},
number = {10},
pages = {882--894},
year = {2007},
publisher = {Taylor \& Francis},
doi = {10.1080/00029890.2007.11920481},


URL = { 
    
        https://doi.org/10.1080/00029890.2007.11920481
    
    

},
eprint = { 
    
        https://doi.org/10.1080/00029890.2007.11920481
    
    

}

}


