@article{10.4007/annals.2025.201.2.5,
author = {W.T. Gowers and Ben Green and Freddie Manners and Terence Tao},
title = {{On a conjecture of Marton}},
volume = {201},
journal = {Annals of Mathematics},
number = {2},
publisher = {Department of Mathematics of Princeton University},
pages = {515 -- 549},
keywords = {additive combinatorics, doubling, Freiman's theorem, sumsets},
year = {2025},
doi = {10.4007/annals.2025.201.2.5},
URL = {https://doi.org/10.4007/annals.2025.201.2.5}
}
