@article{10.4007/annals.2022.196.3.3,
author = {Henry Cohn and Abhinav Kumar and Stephen Miller and Danylo Radchenko and Maryna Viazovska},
title = {{Universal optimality of the $E_8$ and Leech lattices and interpolation formulas}},
volume = {196},
journal = {Annals of Mathematics},
number = {3},
publisher = {Department of Mathematics of Princeton University},
pages = {983 -- 1082},
keywords = {energy minimization, Fourier interpolation, modular forms, universal optimality},
year = {2022},
doi = {10.4007/annals.2022.196.3.3},
URL = {https://doi.org/10.4007/annals.2022.196.3.3}
}
